%% This BibTeX bibliography file was created using BibDesk.
%% http://bibdesk.sourceforge.net/


%% Created for Francesco Nori at 2015-09-25 10:26:36 +0200 


%% Saved with string encoding Unicode (UTF-8) 



@inproceedings{nori15,
	Author = {Nori, Francesco and Kuppuswamy, Naveen and Traversaro, Silvio},
	Booktitle = {Proceedings of the 2015 IEEE/RSJ International Conference on Intelligent Robots and Systems (IROS2015)},
	Date-Added = {2015-09-25 08:23:14 +0000},
	Date-Modified = {2015-09-25 08:26:36 +0000},
	Title = {Simultaneous State and Dynamics Estimation in Articulated Structures},
	Year = {2015}}
